
@Book{LaTeX2e,
author = {Львовский, С. М.},
title = {Набор и верстка в системе LaTeX},
publisher =  {Московский центр непрерывного математического образования},
address = {Москва},
year = {2003},
numpages = {448}
}

@article{Vybegallo,
 author = {Vybegallo, A. A. and A. A. Vybegallo},
 journal = {Vestnik NII CHAVO},
 year = {2222},
 pages = {1--111},
 title = {About Reverse Analysis of Gorilla Language},
 number = {1},
 doi = {10.1090/trans2/015},
 language = {english}
}

@inproceedings{Performance,
author = {Barros, Lucas and Medeiros, Flávio and Moraes, Eduardo and Júnior, Anderson},
year = {2020},
month = {12},
pages = {},
title = {Analyzing the Performance of Apps Developed by using Cross-Platform and Native Technologies},
annote = {дата обращения: 15.04.2023}
}

@inproceedings{multi-module,
  author = {Денисенко, А. А.},
  title = {Организация многомодульной, слабосвязанной архитектуры приложения при работе с Gradle},
  booktitle = {Технические науки: теория и практика : материалы IV Междунар. науч. конф. (г. Казань, ноябрь 2018 г.)},
  year = {2018},
  address = {Казань},
  publisher = {Общество с ограниченной ответственностью "Издательство Молодой ученый"},
  pages = {7--10},
  url = {https://moluch.ru/conf/tech/archive/312/14585/},
  annote = {дата обращения: 01.05.2023},
}

@misc{Normcor,
title = {Самораспаковывающийся архив
"ПРИЛОЖЕНИЕ 1 К ПОЛОЖЕНИЮ О нормоконтроле, размещении текстов в электронно-библиотечной системе и проверке на объем заимствования выпускных квалификационных работ бакалавров, специалистов, магистров и аспирантов МГТУ им. Н. Э. Баумана
ИНСТРУКЦИЯ ПО РАБОТЕ С ЭЛЕКТРОННО-БИБЛИОТЕЧНОЙ СИСТЕМОЙ <<БАНК ВКР>>"},
publisher = {МГТУ им. Н.Э. Баумана},
url = {http://vkr.bmstu.ru/},
annote = {дата обращения: 20.07.2021}
}

@misc{xamarin, 
title = {Что такое Xamarin? // Средства разработчика, техническая документация и примеры кода. [Электронный ресурс]},
url = {https://docs.microsoft.com/ru-ru/xamarin/get-started/what-is-xamarin},
annote = {дата обращения: 25.03.2023}
}

@misc{rn,
title = {React Native: Bringing modern web techniques to mobile // Facebook Engineering Blog. [Электронный ресурс]},
url = {https://engineering.fb.com/android/react-native-bringing-modern-web-techniques-to-mobile},
annote = {дата обращение: 26.03.2023}
}

@misc{rnHotReload,
title = {Introducing Hot Reloading // React Native. [Электронный ресурс]},
url = {https://reactnative.dev/blog/2016/03/24/introducing-hot-reloading},
annote = {дата обращения: 26.03.2023}
}

@misc{rnPlatform,
title = {Platform // React Native. [Электронный ресурс]},
url = {https://reactnative.dev/docs/platform},
annote = {дата обращения: 26.03.2023}
}

@misc{ComposeMP,
title = {Compose Multiplatform // Fast reactive Desktop and Web UI framework for Kotlin, based on Google’s modern toolkit and brought to you by JetBrains. [Электронный ресурс]},
url = {https://www.jetbrains.com/lp/compose-mpp/},
annote = {дата обращения: 02.04.2023}
}

@misc{FlutterHotReload,
title = {Hot reload // Flutter. [Электронный ресурс]},
url = {https://docs.flutter.dev/development/tools/hot-reload},
annote = {дата обращения: 01.04.2023}
}

@misc{FlutterMaterial,
title = {Material Design for Flutter. [Электронный ресурс]},
url = {https://docs.flutter.dev/development/ui/material},
annote = {дата обращения: 01.04.2023}
}

@misc{FlutterCupertino,
title = {Cupertino (iOS-style) widgets // Flutter. [Электронный ресурс]},
url = {https://docs.flutter.dev/development/ui/widgets/cupertino},
annote = {дата обращения: 01.04.2023}
}

@misc{ComposeMPiOS,
title = {Compose Multiplatform for iOS [Электронный ресурс]},
url = {https://github.com/JetBrains/compose-multiplatform/blob/d44114d/README.md#ios},
annote = {дата обращения: 15.04.2023}
}

@misc{KotlinWASM,
title = {Get started with Kotlin/Wasm in IntelliJ IDEA [Электронный ресурс]},
url = {https://kotlinlang.org/docs/wasm-get-started.html},
annote = {дата обращения: 15.04.2023}
}

@misc{KotlinAndroid,
title = {Kotlin for Android [Электронный ресурс]},
url = {https://kotlinlang.org/docs/android-overview.html},
annote = {дата обращения: 15.04.2023}
}

@misc{KotlinServer,
title = {Kotlin for server side [Электронный ресурс]},
url = {https://kotlinlang.org/docs/server-overview.html},
annote = {дата обращения: 15.04.2023}
}

@misc{KotlinNative,
title = {Kotlin Native [Электронный ресурс]},
url = {https://kotlinlang.org/docs/native-overview.html},
annote = {дата обращения: 15.04.2023}
}

@misc{KotlinJS,
title = {Kotlin for JavaScript [Электронный ресурс]},
url = {https://kotlinlang.org/docs/js-overview.html},
annote = {дата обращения: 15.04.2023}
}

@misc{KotlinNodeJS,
title = {Kotlin external declarations for using the Node.js API from Kotlin code targeting JavaScript [Электронный ресурс]},
url = {https://github.com/Kotlin/kotlinx-nodejs},
annote = {дата обращения: 15.04.2023}
}

@misc{KotlinExpectActual,
title = {Connect to platform-specific APIs [Электронный ресурс]},
url = {https://kotlinlang.org/docs/multiplatform-connect-to-apis.html},
annote = {дата обращения: 01.05.2023},
}

@article{flutter-research,
author = {Bhagat, Shreya},
year = {2022},
month = {01},
pages = {803-809},
title = {Review on Mobile Application Development Based on Flutter Platform},
volume = {10},
journal = {International Journal for Research in Applied Science and Engineering Technology},
doi = {10.22214/ijraset.2022.39920}
}

@unknown{flutter-research-2,
author = {Patil, Vaibhav and Jagtap, Dhiraj and Khodke, Sujay and Jagdale, Omprasad and Shitole, Abhishek},
year = {2023},
month = {02},
pages = {},
title = {Flutter-Modern and Easy Technology to Build Applications},
volume = {11},
journal = {International Journal for Research in Applied Science and Engineering Technology},
doi = {10.22214/ijraset.2023.49035}
}

@inbook{rn-bridging,
author = {Paul, Akshat and Nalwaya, Abhishek},
year = {2019},
month = {06},
pages = {165-186},
title = {Native Bridging in React Native},
isbn = {978-1-4842-4453-1},
doi = {10.1007/978-1-4842-4454-8_7}
}

@inbook{rn-introduction,
author = {Yudin, Art},
year = {2020},
month = {11},
pages = {139-183},
title = {Introduction to React Native},
isbn = {978-1-4842-6332-7},
doi = {10.1007/978-1-4842-6333-4_5}
}

@inbook{xamanin-forms,
author = {Johnson, Paul},
year = {2018},
month = {01},
pages = {157-181},
title = {Using Xamarin Forms},
isbn = {978-1-4842-2474-8},
doi = {10.1007/978-1-4842-2475-5_8}
}

@article{xamarin-intro,
author = {Hermes, Dan},
year = {2015},
month = {01},
pages = {},
title = {Xamarin Mobile Application Development},
isbn = {978-1-4842-0215-9},
doi = {10.1007/978-1-4842-0214-2}
}

@inproceedings{android-dev,
author = {Sharma, Anuska},
year = {2023},
month = {02},
pages = {020099},
title = {Android app development using Kotlin programming language},
volume = {2427},
journal = {AIP Conference Proceedings},
doi = {10.1063/5.0130782}
}

@inbook{ios-dev,
author = {Olaoye, Abdullahi},
year = {2022},
month = {02},
pages = {1-23},
title = {Basics of iOS Application Development},
doi = {10.1007/978-1-4842-8023-2_1}
}

@misc{gradle,
title = {Система сборки Gradle [Электронный ресурс]},
url = {https://gradle.org},
annote = {дата обращения: 21.05.2023},
}

@misc{version-catalog,
title = {Gradle version catalog [Электронный ресурс]},
url = {https://docs.gradle.org/current/userguide/platforms.html},
annote = {дата обращения: 21.05.2023},
}

@misc{ktor,
title = {Ktor framework [Электронный ресурс]},
url = {https://ktor.io},
annote = {дата обращения: 21.05.2023},
}

@misc{sqldelight,
title = {SQLDelight Overview [Электронный ресурс]},
url = {https://cashapp.github.io/sqldelight/2.0.0-alpha05/},
annote = {дата обращения: 21.05.2023},
}

@misc{mp-settings,
title = {Multiplatform Settings [Электронный ресурс]},
url = {https://github.com/russhwolf/multiplatform-settings},
annote = {дата обращения: 21.05.2023},
}

@misc{kodein,
title = {Kodein [Электронный ресурс]},
url = {https://kosi-libs.org/kodein/7.19/index.html},
annote = {дата обращения: 21.05.2023},
}

@misc{odyssey,
title = {Odyssey [Электронный ресурс]},
url = {https://github.com/AlexGladkov/Odyssey},
annote = {дата обращения: 21.05.2023},
}

@misc{kvmodel,
title = {KViewModel-mpp [Электронный ресурс]},
url = {https://github.com/adeo-opensource/kviewmodel--mpp},
annote = {дата обращения: 21.05.2023},
}
