
@Book{LaTeX2e,
author = {Львовский, С. М.},
title = {Набор и верстка в системе LaTeX},
publisher =  {Московский центр непрерывного математического образования},
address = {Москва},
year = {2003},
numpages = {448}
}

@article{Vybegallo,
 author = {Vybegallo, A. A. and A. A. Vybegallo},
 journal = {Vestnik NII CHAVO},
 year = {2222},
 pages = {1--111},
 title = {About Reverse Analysis of Gorilla Language},
 number = {1},
 doi = {10.1090/trans2/015},
 language = {english}
}

@inproceedings{Performance,
author = {Barros, Lucas and Medeiros, Flávio and Moraes, Eduardo and Júnior, Anderson},
year = {2020},
month = {12},
pages = {},
title = {Analyzing the Performance of Apps Developed by using Cross-Platform and Native Technologies},
annote = {дата обращения: 15.04.2023}
}

@inproceedings{multi-module,
  author = {Денисенко, А. А.},
  title = {Организация многомодульной, слабосвязанной архитектуры приложения при работе с Gradle},
  booktitle = {Технические науки: теория и практика : материалы IV Междунар. науч. конф. (г. Казань, ноябрь 2018 г.)},
  year = {2018},
  address = {Казань},
  publisher = {Общество с ограниченной ответственностью "Издательство Молодой ученый"},
  pages = {7--10},
  url = {https://moluch.ru/conf/tech/archive/312/14585/},
  annote = {дата обращения: 01.05.2023},
}

@misc{Normcor,
title = {Самораспаковывающийся архив
"ПРИЛОЖЕНИЕ 1 К ПОЛОЖЕНИЮ О нормоконтроле, размещении текстов в электронно-библиотечной системе и проверке на объем заимствования выпускных квалификационных работ бакалавров, специалистов, магистров и аспирантов МГТУ им. Н. Э. Баумана
ИНСТРУКЦИЯ ПО РАБОТЕ С ЭЛЕКТРОННО-БИБЛИОТЕЧНОЙ СИСТЕМОЙ <<БАНК ВКР>>"},
publisher = {МГТУ им. Н.Э. Баумана},
url = {http://vkr.bmstu.ru/},
annote = {дата обращения: 20.07.2021}
}

@misc{xamarin, 
title = {Что такое Xamarin? // Средства разработчика, техническая документация и примеры кода. [Электронный ресурс]},
url = {https://docs.microsoft.com/ru-ru/xamarin/get-started/what-is-xamarin},
annote = {дата обращения: 25.03.2023}
}

@misc{rn,
title = {React Native: Bringing modern web techniques to mobile // Facebook Engineering Blog. [Электронный ресурс]},
url = {https://engineering.fb.com/android/react-native-bringing-modern-web-techniques-to-mobile},
annote = {дата обращение: 26.03.2023}
}

@misc{rnHotReload,
title = {Introducing Hot Reloading // React Native. [Электронный ресурс]},
url = {https://reactnative.dev/blog/2016/03/24/introducing-hot-reloading},
annote = {дата обращения: 26.03.2023}
}

@misc{rnPlatform,
title = {Platform // React Native. [Электронный ресурс]},
url = {https://reactnative.dev/docs/platform},
annote = {дата обращения: 26.03.2023}
}

@misc{ComposeMP,
title = {Compose Multiplatform // Fast reactive Desktop and Web UI framework for Kotlin, based on Google’s modern toolkit and brought to you by JetBrains. [Электронный ресурс]},
url = {https://www.jetbrains.com/lp/compose-mpp/},
annote = {дата обращения: 02.04.2023}
}

@misc{FlutterHotReload,
title = {Hot reload // Flutter. [Электронный ресурс]},
url = {https://docs.flutter.dev/development/tools/hot-reload},
annote = {дата обращения: 01.04.2023}
}

@misc{FlutterMaterial,
title = {Material Design for Flutter. [Электронный ресурс]},
url = {https://docs.flutter.dev/development/ui/material},
annote = {дата обращения: 01.04.2023}
}

@misc{FlutterCupertino,
title = {Cupertino (iOS-style) widgets // Flutter. [Электронный ресурс]},
url = {https://docs.flutter.dev/development/ui/widgets/cupertino},
annote = {дата обращения: 01.04.2023}
}

@misc{ComposeMPiOS,
title = {Compose Multiplatform for iOS [Электронный ресурс]},
url = {https://github.com/JetBrains/compose-multiplatform/blob/d44114d/README.md#ios},
annote = {дата обращения: 15.04.2023}
}

@misc{KotlinWASM,
title = {Get started with Kotlin/Wasm in IntelliJ IDEA [Электронный ресурс]},
url = {https://kotlinlang.org/docs/wasm-get-started.html},
annote = {дата обращения: 15.04.2023}
}

@misc{KotlinAndroid,
title = {Kotlin for Android [Электронный ресурс]},
url = {https://kotlinlang.org/docs/android-overview.html},
annote = {дата обращения: 15.04.2023}
}

@misc{KotlinServer,
title = {Kotlin for server side [Электронный ресурс]},
url = {https://kotlinlang.org/docs/server-overview.html},
annote = {дата обращения: 15.04.2023}
}

@misc{KotlinNative,
title = {Kotlin Native [Электронный ресурс]},
url = {https://kotlinlang.org/docs/native-overview.html},
annote = {дата обращения: 15.04.2023}
}

@misc{KotlinJS,
title = {Kotlin for JavaScript [Электронный ресурс]},
url = {https://kotlinlang.org/docs/js-overview.html},
annote = {дата обращения: 15.04.2023}
}

@misc{KotlinNodeJS,
title = {Kotlin external declarations for using the Node.js API from Kotlin code targeting JavaScript [Электронный ресурс]},
url = {https://github.com/Kotlin/kotlinx-nodejs},
annote = {дата обращения: 15.04.2023}
}

@misc{KotlinExpectActual,
title = {Connect to platform-specific APIs [Электронный ресурс]},
url = {https://kotlinlang.org/docs/multiplatform-connect-to-apis.html},
annote = {дата обращения: 01.05.2023},
}